@Misc{gustavson2014,
	key = "web:gustavson",
	author = "{Stefan Gustavson}",
	title = "{Procedural Textures in GLSL}",
	note = "\\ \href{http://webstaff.itn.liu.se/~stegu/TNM084-2014/proceduraltextures.pdf}{http://webstaff.itn.liu.se/~stegu/TNM084-2014/proceduraltextures.pdf}",
}

@article{mcewan2012,
	author = "Ian McEwan and David Sheets and Mark Richardson and Stefan Gustavson",
	journal = "Journal of Graphics Tools",
	volume = 2,
	pages = 85--94,
	year = 2012,
	title = "Efficient Computational Noise in GLSL",
	doi = {10.1080/2151237X.2012.649621},
	url = {http://dx.doi.org/10.1080/2151237X.2012.649621}
}